@article{huang2024music,
  title={Music Style Transfer With Diffusion Model},
  author={Huang, Hong and Wang, Yuyi and Li, Luyao and Lin, Jun},
  journal={arXiv preprint arXiv:2404.14771},
  year={2024}
}

@article{rombach2022high,
  title={High-resolution image synthesis with latent diffusion models},
  author={Rombach, Robin and Blattmann, Andreas and Lorenz, Dominik and Esser, Patrick and Ommer, Bj{\"o}rn},
  journal={Proceedings of the IEEE/CVF Conference on Computer Vision and Pattern Recognition},
  pages={10684--10695},
  year={2022}
}

@article{ho2020denoising,
  title={Denoising diffusion probabilistic models},
  author={Ho, Jonathan and Jain, Ajay and Abbeel, Pieter},
  journal={Advances in Neural Information Processing Systems},
  volume={33},
  pages={6840--6851},
  year={2020}
}

@article{Brunner2018SymbolicMG,
  title={Symbolic Music Genre Transfer with CycleGAN},
  author={Gino Brunner and Yuyi Wang and Roger Wattenhofer and Sumu Zhao},
  journal={2018 IEEE 30th International Conference on Tools with Artificial Intelligence (ICTAI)},
  year={2018},
  pages={786-793},
  url={https://api.semanticscholar.org/CorpusID:52036885}
}

@article{Brunner2018MIDIVAEMD,
  title={MIDI-VAE: Modeling Dynamics and Instrumentation of Music with Applications to Style Transfer},
  author={Gino Brunner and Andres Konrad and Yuyi Wang and Roger Wattenhofer},
  journal={ArXiv},
  year={2018},
  volume={abs/1809.07600},
  url={https://api.semanticscholar.org/CorpusID:49317433}
}

@article{song2021denoising,
  title={Denoising diffusion implicit models},
  author={Song, Jiaming and Meng, Chenlin and Ermon, Stefano},
  journal={International Conference on Learning Representations},
  year={2021}
}

@article{goodfellow2014generative,
  title={Generative adversarial nets},
  author={Goodfellow, Ian and Pouget-Abadie, Jean and Mirza, Mehdi and Xu, Bing and Warde-Farley, David and Ozair, Sherjil and Courville, Aaron and Bengio, Yoshua},
  journal={Advances in Neural Information Processing Systems},
  volume={27},
  year={2014}
}

@article{radford2021learning,
  title={Learning transferable visual models from natural language supervision},
  author={Radford, Alec and Kim, Jong Wook and Hallacy, Chris and Ramesh, Aditya and Goh, Gabriel and Agarwal, Sandhini and Sastry, Girish and Askell, Amanda and Mishkin, Pamela and Clark, Jack and others},
  journal={International Conference on Machine Learning},
  pages={8748--8763},
  year={2021}
}

@article{vaswani2017attention,
  title={Attention is all you need},
  author={Vaswani, Ashish and Shazeer, Noam and Parmar, Niki and Uszkoreit, Jakob and Jones, Llion and Gomez, Aidan N and Kaiser, Lukasz and Polosukhin, Illia},
  journal={Advances in Neural Information Processing Systems},
  volume={30},
  year={2017}
}

@article{kingma2013auto,
  title={Auto-encoding variational bayes},
  author={Kingma, Diederik P and Welling, Max},
  journal={International Conference on Learning Representations},
  year={2013}
} 

% YouTube
@misc{youtube,
  author={YouTube},
  note={Available at \url{https://www.youtube.com}, last accessed: March 24, 2025},
}

% yt-dlp
@misc{yt-dlp,
  title={yt-dlp},
  note={Available at \url{https://github.com/yt-dlp/yt-dlp}, last accessed: March 24, 2025},
}

% ffmpeg
@misc{ffmpeg,
  title={FFmpeg},
  note={Available at \url{https://ffmpeg.org}, last accessed: March 24, 2025},
}

% librosa
@misc{librosa,
  title={Librosa},
  note={Available at \url{https://github.com/librosa/librosa}, last accessed: March 24, 2025},
}
@misc{taylor2020torchvggish,
  title={TorchVGGish: A PyTorch implementation of VGGish},
  author={Taylor, Harri},
  year={2020},
  publisher={GitHub},
  howpublished={\url{https://github.com/harritaylor/torchvggish}},
  note={Accessed: 2024}
}
